@book{book:909085,
   title =     {The Early Universe},
   author =    {{Kolb} E.~W, {Turner} M.~S},
   publisher = {Addison-Wesley },
   isbn =      {0201116030,9780201116038,0201626748,9780201626742},
   year =      {1988},
   series =    {Frontiers in Physics, v. 69},
   url =       {http://gen.lib.rus.ec/book/index.php?md5=9EF28F934B0B80E2FE7A6921BEFA4D4E}}
}

@InCollection{sep-copernicus,
	author       =	{Rabin, Sheila},
	title        =	{{Nicolaus Copernicus}},
	booktitle    =	{The {Stanford} Encyclopedia of Philosophy},
	editor       =	{Edward N. Zalta},
	howpublished =	{\url{https://plato.stanford.edu/archives/fall2019/entries/copernicus/}},
	year         =	{2019},
	edition      =	{Fall 2019},
	publisher    =	{Metaphysics Research Lab, Stanford University}
}

@book{crowe2013theories,
  title={Theories of the World from Antiquity to the Copernican Revolution: Second Revised Edition},
  author={Crowe, M.J.},
  isbn={9780486315591},
  url={https://books.google.co.za/books?id=gfzDAgAAQBAJ},
  year={2013},
  publisher={Dover Publications}
}

@book{kanas,
  title={European cosmology},
  author={Kanas, Nick},
  isbn={978-1-4614-0917-5},
  url={https://doi.org/10.1007/978-1-4614-0917-5_3},
  year={2012},
  publisher={In: Star Maps. Springer Praxis Books. Springer, New York, NY.}
}

@ARTICLE{2003RvMP...75..559P,
   author = {{Peebles}, P.~J. and {Ratra}, B.},
    title = "{The cosmological constant and dark energy}",
  journal = {Reviews of Modern Physics},
   eprint = {astro-ph/0207347},
 keywords = {Dark matter, Mathematical and relativistic aspects of cosmology, Surveys and tutorial papers, resource letters},
     year = 2003,
    month = apr,
   volume = 75,
    pages = {559-606},
      doi = {10.1103/RevModPhys.75.559},
   adsurl = {http://adsabs.harvard.edu/abs/2003RvMP...75..559P},
  adsnote = {Provided by the SAO/NASA Astrophysics Data System}
}

@ARTICLE{1929PNAS...15..168H,
   author = {{Hubble}, E.},
    title = "{A Relation between Distance and Radial Velocity among Extra-Galactic Nebulae}",
  journal = {Proceedings of the National Academy of Science},
     year = 1929,
    month = mar,
   volume = 15,
    pages = {168-173},
      doi = {10.1073/pnas.15.3.168},
   adsurl = {http://adsabs.harvard.edu/abs/1929PNAS...15..168H},
  adsnote = {Provided by the SAO/NASA Astrophysics Data System}
}

@ARTICLE{1998AJ....116.1009R,
   author = {{Riess}, A.~G. and {Filippenko}, A.~V. and {Challis}, P. and 
	{Clocchiatti}, A. and {Diercks}, A. and {Garnavich}, P.~M. and 
	{Gilliland}, R.~L. and {Hogan}, C.~J. and {Jha}, S. and {Kirshner}, R.~P. and 
	{Leibundgut}, B. and {Phillips}, M.~M. and {Reiss}, D. and {Schmidt}, B.~P. and 
	{Schommer}, R.~A. and {Smith}, R.~C. and {Spyromilio}, J. and 
	{Stubbs}, C. and {Suntzeff}, N.~B. and {Tonry}, J.},
    title = "{Observational Evidence from Supernovae for an Accelerating Universe and a Cosmological Constant}",
  journal = {\aj},
   eprint = {astro-ph/9805201},
 keywords = {COSMOLOGY: OBSERVATIONS, STARS: SUPERNOVAE: GENERAL},
     year = 1998,
    month = sep,
   volume = 116,
    pages = {1009-1038},
      doi = {10.1086/300499},
   adsurl = {http://adsabs.harvard.edu/abs/1998AJ....116.1009R},
  adsnote = {Provided by the SAO/NASA Astrophysics Data System}
}

@ARTICLE{1999ApJ...517..565P,
   author = {{Perlmutter}, S. and {Aldering}, G. and {Goldhaber}, G. and 
	{Knop}, R.~A. and {Nugent}, P. and {Castro}, P.~G. and {Deustua}, S. and 
	{Fabbro}, S. and {Goobar}, A. and {Groom}, D.~E. and {Hook}, I.~M. and 
	{Kim}, A.~G. and {Kim}, M.~Y. and {Lee}, J.~C. and {Nunes}, N.~J. and 
	{Pain}, R. and {Pennypacker}, C.~R. and {Quimby}, R. and {Lidman}, C. and 
	{Ellis}, R.~S. and {Irwin}, M. and {McMahon}, R.~G. and {Ruiz-Lapuente}, P. and 
	{Walton}, N. and {Schaefer}, B. and {Boyle}, B.~J. and {Filippenko}, A.~V. and 
	{Matheson}, T. and {Fruchter}, A.~S. and {Panagia}, N. and {Newberg}, H.~J.~M. and 
	{Couch}, W.~J. and {Project}, T.~S.~C.},
    title = "{Measurements of {$\Omega$} and {$\Lambda$} from 42 High-Redshift Supernovae}",
  journal = {\apj},
   eprint = {astro-ph/9812133},
 keywords = {COSMOLOGY: OBSERVATIONS, COSMOLOGY: DISTANCE SCALE, STARS: SUPERNOVAE: GENERAL, Cosmology: Observations, Cosmology: Distance Scale, Stars: Supernovae: General},
     year = 1999,
    month = jun,
   volume = 517,
    pages = {565-586},
      doi = {10.1086/307221},
   adsurl = {http://adsabs.harvard.edu/abs/1999ApJ...517..565P},
  adsnote = {Provided by the SAO/NASA Astrophysics Data System}
}

@ARTICLE{2008ARA&A..46..385F,
   author = {{Frieman}, J.~A. and {Turner}, M.~S. and {Huterer}, D.},
    title = "{Dark Energy and the Accelerating Universe}",
  journal = {\araa},
archivePrefix = "arXiv",
   eprint = {0803.0982},
     year = 2008,
    month = sep,
   volume = 46,
    pages = {385-432},
      doi = {10.1146/annurev.astro.46.060407.145243},
   adsurl = {http://adsabs.harvard.edu/abs/2008ARA%26A..46..385F},
  adsnote = {Provided by the SAO/NASA Astrophysics Data System}
}


@ARTICLE{11,
   author = {{Lazio}, J. and {Loeb}, A. and {Aguirre}, J. and {Bowman}, J. and 
	{Burns}, J. and {Dore}, O. and {Furlanetto}, S. and {Lonsdale}, C. and {Parsons}, A. and {Pober}, J.},
    title = "{Probing the Dark Ages and Cosmic Dawn with Neutral Hydrogen}",
  journal = {Science},
     year = 2016,
   url = {https://cor.gsfc.nasa.gov/copag/probe-study/COPAG_Probe_DarkAges-CosmicDawn-v3.pdf}
}

@ARTICLE{2017arXiv170808521D,
   author = {{Deng}, M. and {Campbell-Wilson}, D. and {for the CHIME Collaboration}
	},
    title = "{The cloverleaf antenna: A compact wide-bandwidth dual-polarization feed for CHIME}",
  journal = {ArXiv e-prints},
archivePrefix = "arXiv",
   eprint = {1708.08521},
 primaryClass = "astro-ph.IM",
 keywords = {Astrophysics - Instrumentation and Methods for Astrophysics},
     year = 2017,
    month = aug,
   adsurl = {http://adsabs.harvard.edu/abs/2017arXiv170808521D},
  adsnote = {Provided by the SAO/NASA Astrophysics Data System}
}

@ARTICLE{2014ApJ...782L...9V,
   author = {{Voytek}, T.~C. and {Natarajan}, A. and {J{\'a}uregui Garc{\'{\i}}a}, J.~M. and 
	{Peterson}, J.~B. and {L{\'o}pez-Cruz}, O.},
    title = "{Probing the Dark Ages at z \~{} 20: The SCI-HI 21 cm All-sky Spectrum Experiment}",
  journal = {\apjl},
archivePrefix = "arXiv",
   eprint = {1311.0014},
 keywords = {cosmology: observations, dark ages, reionization, first stars, methods: observational, radio continuum: general},
     year = 2014,
    month = feb,
   volume = 782,
      eid = {L9},
    pages = {L9},
      doi = {10.1088/2041-8205/782/1/L9},
   adsurl = {http://adsabs.harvard.edu/abs/2014ApJ...782L...9V},
  adsnote = {Provided by the SAO/NASA Astrophysics Data System}
}

@ARTICLE{2013PhRvD..87d3002L,
   author = {{Liu}, A. and {Pritchard}, J.~R. and {Tegmark}, M. and {Loeb}, A.
	},
    title = "{Global 21 cm signal experiments: A designer's guide}",
  journal = {\prd},
archivePrefix = "arXiv",
   eprint = {1211.3743},
 primaryClass = "astro-ph.CO",
 keywords = {Observation and data reduction techniques, computer modeling and simulation, Mathematical procedures and computer techniques, Cosmology, Observational cosmology},
     year = 2013,
    month = feb,
   volume = 87,
   number = 4,
      eid = {043002},
    pages = {043002},
      doi = {10.1103/PhysRevD.87.043002},
   adsurl = {http://adsabs.harvard.edu/abs/2013PhRvD..87d3002L},
  adsnote = {Provided by the SAO/NASA Astrophysics Data System}
}

@ARTICLE{16,
   author = {{Liu}, L. and {Chronopoulos}, C.},
    title = "{The Hydrogen 21-cm Line and Its Applications to Radio Astrophysics}",
  journal = {Astrophysics},
     year = 2008,
    month = mar,
   url = {http://web.mit.edu/lululiu/Public/8.14/21cm/21cm.pdf},
}

@book{book:832129,
   title =     {Physics for Scientists and Engineers with Modern Physics (4th Edition) 1, 2, 3.},
   author =    {Douglas C. Giancoli},
   publisher = {Pearson Prentice Hall},
   isbn =      {0131495089,9780131495081,0321542142,9780321542144},
   year =      {2008},
   edition =   {4th edition},
   pages =     {260-261},
   url =       {http://gen.lib.rus.ec/book/index.php?md5=867E74BB25C30D895AC60E0EB937298A}}
}

@book{book:2119950,
   title =     {An Introduction to Modern Astrophysics},
   author =    {Bradley W. Carroll, Dale A. Ostlie},
   publisher = {Pearson},
   isbn =      {1-292-02293-0, 978-1-292-02293-2},
   year =      {2014},
   series =    {},
   edition =   {2},
   volume =    {},
   url =       {http://gen.lib.rus.ec/book/index.php?md5=5FE4606820ACE887AC30FF255BF0F800}}
}

@ARTICLE{2009IEEEP..97.1497L,
   author = {{Lonsdale}, C.~J. and {Cappallo}, R.~J. and {Morales}, M.~F. and 
	{Briggs}, F.~H. and {Benkevitch}, L. and {Bowman}, J.~D. and 
	{Bunton}, J.~D. and {Burns}, S. and {Corey}, B.~E. and {Desouza}, L. and 
	{Doeleman}, S.~S. and {Derome}, M. and {Deshpande}, A. and {Gopala}, M.~R. and 
	{Greenhill}, L.~J. and {Herne}, D.~E. and {Hewitt}, J.~N. and 
	{Kamini}, P.~A. and {Kasper}, J.~C. and {Kincaid}, B.~B. and 
	{Kocz}, J. and {Kowald}, E. and {Kratzenberg}, E. and {Kumar}, D. and 
	{Lynch}, M.~J. and {Madhavi}, S. and {Matejek}, M. and {Mitchell}, D.~A. and 
	{Morgan}, E. and {Oberoi}, D. and {Ord}, S. and {Pathikulangara}, J. and 
	{Prabu}, T. and {Rogers}, A. and {Roshi}, A. and {Salah}, J.~E. and 
	{Sault}, R.~J. and {Shankar}, N.~U. and {Srivani}, K.~S. and 
	{Stevens}, J. and {Tingay}, S. and {Vaccarella}, A. and {Waterson}, M. and 
	{Wayth}, R.~B. and {Webster}, R.~L. and {Whitney}, A.~R. and 
	{Williams}, A. and {Williams}, C.},
    title = "{The Murchison Widefield Array: Design Overview}",
  journal = {IEEE Proceedings},
archivePrefix = "arXiv",
   eprint = {0903.1828},
 primaryClass = "astro-ph.IM",
     year = 2009,
    month = aug,
   volume = 97,
    pages = {1497-1506},
      doi = {10.1109/JPROC.2009.2017564},
   adsurl = {http://adsabs.harvard.edu/abs/2009IEEEP..97.1497L},
  adsnote = {Provided by the SAO/NASA Astrophysics Data System}
}

@ARTICLE{2013A&A...556A...2V,
   author = {{van Haarlem}, M.~P. and {Wise}, M.~W. and {Gunst}, A.~W. and 
	{Heald}, G. and {McKean}, J.~P. and {Hessels}, J.~W.~T. and 
	{de Bruyn}, A.~G. and {Nijboer}, R. and {Swinbank}, J. and {Fallows}, R. and 
	{Brentjens}, M. and {Nelles}, A. and {Beck}, R. and {Falcke}, H. and 
	{Fender}, R. and {H{\"o}randel}, J. and {Koopmans}, L.~V.~E. and 
	{Mann}, G. and {Miley}, G. and {R{\"o}ttgering}, H. and {Stappers}, B.~W. and 
	{Wijers}, R.~A.~M.~J. and {Zaroubi}, S. and {van den Akker}, M. and 
	{Alexov}, A. and {Anderson}, J. and {Anderson}, K. and {van Ardenne}, A. and 
	{Arts}, M. and {Asgekar}, A. and {Avruch}, I.~M. and {Batejat}, F. and 
	{B{\"a}hren}, L. and {Bell}, M.~E. and {Bell}, M.~R. and {van Bemmel}, I. and 
	{Bennema}, P. and {Bentum}, M.~J. and {Bernardi}, G. and {Best}, P. and 
	{B{\^i}rzan}, L. and {Bonafede}, A. and {Boonstra}, A.-J. and 
	{Braun}, R. and {Bregman}, J. and {Breitling}, F. and {van de Brink}, R.~H. and 
	{Broderick}, J. and {Broekema}, P.~C. and {Brouw}, W.~N. and 
	{Br{\"u}ggen}, M. and {Butcher}, H.~R. and {van Cappellen}, W. and 
	{Ciardi}, B. and {Coenen}, T. and {Conway}, J. and {Coolen}, A. and 
	{Corstanje}, A. and {Damstra}, S. and {Davies}, O. and {Deller}, A.~T. and 
	{Dettmar}, R.-J. and {van Diepen}, G. and {Dijkstra}, K. and 
	{Donker}, P. and {Doorduin}, A. and {Dromer}, J. and {Drost}, M. and 
	{van Duin}, A. and {Eisl{\"o}ffel}, J. and {van Enst}, J. and 
	{Ferrari}, C. and {Frieswijk}, W. and {Gankema}, H. and {Garrett}, M.~A. and 
	{de Gasperin}, F. and {Gerbers}, M. and {de Geus}, E. and {Grie{\ss}meier}, J.-M. and 
	{Grit}, T. and {Gruppen}, P. and {Hamaker}, J.~P. and {Hassall}, T. and 
	{Hoeft}, M. and {Holties}, H.~A. and {Horneffer}, A. and {van der Horst}, A. and 
	{van Houwelingen}, A. and {Huijgen}, A. and {Iacobelli}, M. and 
	{Intema}, H. and {Jackson}, N. and {Jelic}, V. and {de Jong}, A. and 
	{Juette}, E. and {Kant}, D. and {Karastergiou}, A. and {Koers}, A. and 
	{Kollen}, H. and {Kondratiev}, V.~I. and {Kooistra}, E. and 
	{Koopman}, Y. and {Koster}, A. and {Kuniyoshi}, M. and {Kramer}, M. and 
	{Kuper}, G. and {Lambropoulos}, P. and {Law}, C. and {van Leeuwen}, J. and 
	{Lemaitre}, J. and {Loose}, M. and {Maat}, P. and {Macario}, G. and 
	{Markoff}, S. and {Masters}, J. and {McFadden}, R.~A. and {McKay-Bukowski}, D. and 
	{Meijering}, H. and {Meulman}, H. and {Mevius}, M. and {Middelberg}, E. and 
	{Millenaar}, R. and {Miller-Jones}, J.~C.~A. and {Mohan}, R.~N. and 
	{Mol}, J.~D. and {Morawietz}, J. and {Morganti}, R. and {Mulcahy}, D.~D. and 
	{Mulder}, E. and {Munk}, H. and {Nieuwenhuis}, L. and {van Nieuwpoort}, R. and 
	{Noordam}, J.~E. and {Norden}, M. and {Noutsos}, A. and {Offringa}, A.~R. and 
	{Olofsson}, H. and {Omar}, A. and {Orr{\'u}}, E. and {Overeem}, R. and 
	{Paas}, H. and {Pandey-Pommier}, M. and {Pandey}, V.~N. and 
	{Pizzo}, R. and {Polatidis}, A. and {Rafferty}, D. and {Rawlings}, S. and 
	{Reich}, W. and {de Reijer}, J.-P. and {Reitsma}, J. and {Renting}, G.~A. and 
	{Riemers}, P. and {Rol}, E. and {Romein}, J.~W. and {Roosjen}, J. and 
	{Ruiter}, M. and {Scaife}, A. and {van der Schaaf}, K. and {Scheers}, B. and 
	{Schellart}, P. and {Schoenmakers}, A. and {Schoonderbeek}, G. and 
	{Serylak}, M. and {Shulevski}, A. and {Sluman}, J. and {Smirnov}, O. and 
	{Sobey}, C. and {Spreeuw}, H. and {Steinmetz}, M. and {Sterks}, C.~G.~M. and 
	{Stiepel}, H.-J. and {Stuurwold}, K. and {Tagger}, M. and {Tang}, Y. and 
	{Tasse}, C. and {Thomas}, I. and {Thoudam}, S. and {Toribio}, M.~C. and 
	{van der Tol}, B. and {Usov}, O. and {van Veelen}, M. and {van der Veen}, A.-J. and 
	{ter Veen}, S. and {Verbiest}, J.~P.~W. and {Vermeulen}, R. and 
	{Vermaas}, N. and {Vocks}, C. and {Vogt}, C. and {de Vos}, M. and 
	{van der Wal}, E. and {van Weeren}, R. and {Weggemans}, H. and 
	{Weltevrede}, P. and {White}, S. and {Wijnholds}, S.~J. and 
	{Wilhelmsson}, T. and {Wucknitz}, O. and {Yatawatta}, S. and 
	{Zarka}, P. and {Zensus}, A. and {van Zwieten}, J.},
    title = "{LOFAR: The LOw-Frequency ARray}",
  journal = {\aap},
archivePrefix = "arXiv",
   eprint = {1305.3550},
 primaryClass = "astro-ph.IM",
 keywords = {instrumentation: interferometers, radio continuum: general, radio lines: general, dark ages, reionization, first stars, telescopes},
     year = 2013,
    month = aug,
   volume = 556,
      eid = {A2},
    pages = {A2},
      doi = {10.1051/0004-6361/201220873},
   adsurl = {http://adsabs.harvard.edu/abs/2013A%26A...556A...2V},
  adsnote = {Provided by the SAO/NASA Astrophysics Data System}
}

@ARTICLE{2016ExA....41..271R,
   author = {{Rajan}, R.~T. and {Boonstra}, A.-J. and {Bentum}, M. and {Klein-Wolt}, M. and 
	{Belien}, F. and {Arts}, M. and {Saks}, N. and {van der Veen}, A.-J.
	},
    title = "{Space-based aperture array for ultra-long wavelength radio astronomy}",
  journal = {Experimental Astronomy},
archivePrefix = "arXiv",
   eprint = {1505.04711},
 primaryClass = "astro-ph.IM",
 keywords = {Radio astronomy, Ultra-long wavelength, Interferometry, Feasibility study, System design},
     year = 2016,
    month = feb,
   volume = 41,
    pages = {271-306},
      doi = {10.1007/s10686-015-9486-6},
   adsurl = {http://adsabs.harvard.edu/abs/2016ExA....41..271R},
  adsnote = {Provided by the SAO/NASA Astrophysics Data System}
}


@INPROCEEDINGS{2010iska.meetE..24H,
   author = {{Henning}, P.~A. and {Ellingson}, S.~W. and {Taylor}, G.~B. and 
	{Craig}, J. and {Pihlstr{\"o}m}, Y. and {Rickard}, L.~J. and 
	{Clarke}, T.~E. and {Kassim}, N.~E. and {Cohen}, A.},
    title = "{The First Station of the Long Wavelength Array}",
booktitle = {ISKAF2010 Science Meeting},
     year = 2010,
archivePrefix = "arXiv",
   eprint = {1009.0666},
 primaryClass = "astro-ph.IM",
      eid = {24},
    pages = {24},
   adsurl = {http://adsabs.harvard.edu/abs/2010iska.meetE..24H},
  adsnote = {Provided by the SAO/NASA Astrophysics Data System}
}

@ARTICLE{2012JAI.....150004T,
   author = {{Taylor}, G.~B. and {Ellingson}, S.~W. and {Kassim}, N.~E. and 
	{Craig}, J. and {Dowell}, J. and {Wolfe}, C.~N. and {Hartman}, J. and 
	{Bernardi}, G. and {Clarke}, T. and {Cohen}, A. and {Dalal}, N.~P. and 
	{Erickson}, W.~C. and {Hicks}, B. and {Greenhill}, L.~J. and 
	{Jacoby}, B. and {Lane}, W. and {Lazio}, J. and {Mitchell}, D. and 
	{Navarro}, R. and {Ord}, S.~M. and {Pihlstr{\"o}m}, Y. and {Polisensky}, E. and 
	{Ray}, P.~S. and {Rickard}, L.~J. and {Schinzel}, F.~K. and 
	{Schmitt}, H. and {Sigman}, E. and {Soriano}, M. and {Stewart}, K.~P. and 
	{Stovall}, K. and {Tremblay}, S. and {Wang}, D. and {Weiler}, K.~W. and 
	{White}, S. and {Wood}, D.~L.},
    title = "{First Light for the First Station of the Long Wavelength Array}",
  journal = {Journal of Astronomical Instrumentation },
archivePrefix = "arXiv",
   eprint = {1206.6733},
 primaryClass = "astro-ph.IM",
 keywords = {Sun, Jupiter, pulsars, extrasolar planets, Dark Ages, long wavelength instrumentation},
     year = 2012,
    month = dec,
   volume = 1,
      eid = {1250004-284},
    pages = {1250004-284},
      doi = {10.1142/S2251171712500043},
   adsurl = {http://adsabs.harvard.edu/abs/2012JAI.....150004T},
  adsnote = {Provided by the SAO/NASA Astrophysics Data System}
}

@INPROCEEDINGS{2018AAS...23111604M,
   author = {{Monsalve}, R.~A. and {Rogers}, A.~E.~E. and {Bowman}, J.~D. and 
	{Mozdzen}, T.~J. and {Mahesh}, N.},
    title = "{Characterizing the 21-cm Signal from Neutral Hydrogen in the IGM at Redshifts 27$>$z$>$6 with EDGES}",
booktitle = {American Astronomical Society Meeting Abstracts \#231},
     year = 2018,
   series = {American Astronomical Society Meeting Abstracts},
   volume = 231,
    month = jan,
      eid = {116.04},
    pages = {116.04},
   adsurl = {http://adsabs.harvard.edu/abs/2018AAS...23111604M},
  adsnote = {Provided by the SAO/NASA Astrophysics Data System}
}

@ARTICLE{2017ApJ...844...33B,
   author = {{Burns}, J.~O. and {Bradley}, R. and {Tauscher}, K. and {Furlanetto}, S. and 
	{Mirocha}, J. and {Monsalve}, R. and {Rapetti}, D. and {Purcell}, W. and 
	{Newell}, D. and {Draper}, D. and {MacDowall}, R. and {Bowman}, J. and 
	{Nhan}, B. and {Wollack}, E.~J. and {Fialkov}, A. and {Jones}, D. and 
	{Kasper}, J.~C. and {Loeb}, A. and {Datta}, A. and {Pritchard}, J. and 
	{Switzer}, E. and {Bicay}, M.},
    title = "{A Space-based Observational Strategy for Characterizing the First Stars and Galaxies Using the Redshifted 21 cm Global Spectrum}",
  journal = {\apj},
archivePrefix = "arXiv",
   eprint = {1704.02651},
 primaryClass = "astro-ph.IM",
 keywords = {cosmology: observations, dark ages, reionization, first stars},
     year = 2017,
    month = jul,
   volume = 844,
      eid = {33},
    pages = {33},
      doi = {10.3847/1538-4357/aa77f4},
   adsurl = {http://adsabs.harvard.edu/abs/2017ApJ...844...33B},
  adsnote = {Provided by the SAO/NASA Astrophysics Data System}
}

@ARTICLE{2019JAI.....850004P,
       author = {{Philip}, L. and {Abdurashidova}, Z. and {Chiang}, H.~C. and
         {Ghazi}, N. and {Gumba}, A. and {Heilgendorff}, H.~M. and
         {J{\'a}uregui-Garc{\'\i}a}, J.~M. and {Malepe}, K. and
         {Nunhokee}, C.~D. and {Peterson}, J. and {Sievers}, J.~L. and
         {Simes}, V. and {Spann}, R.},
        title = "{Probing Radio Intensity at High-Z from Marion: 2017 Instrument}",
      journal = {Journal of Astronomical Instrumentation},
     keywords = {Cosmology, observations, dark ages, reionization, first stars, instrumentation, polarimeters, Astrophysics - Instrumentation and Methods for Astrophysics},
         year = 2019,
        month = jan,
       volume = {8},
       number = {2},
          eid = {1950004},
        pages = {1950004},
          doi = {10.1142/S2251171719500041},
archivePrefix = {arXiv},
       eprint = {1806.09531},
 primaryClass = {astro-ph.IM},
       adsurl = {https://ui.adsabs.harvard.edu/abs/2019JAI.....850004P},
      adsnote = {Provided by the SAO/NASA Astrophysics Data System}
}

@ARTICLE{2018AJ....156...32E,
   author = {{Eastwood}, M.~W. and {Anderson}, M.~M. and {Monroe}, R.~M. and 
	{Hallinan}, G. and {Barsdell}, B.~R. and {Bourke}, S.~A. and 
	{Clark}, M.~A. and {Ellingson}, S.~W. and {Dowell}, J. and {Garsden}, H. and 
	{Greenhill}, L.~J. and {Hartman}, J.~M. and {Kocz}, J. and {Lazio}, T.~J.~W. and 
	{Price}, D.~C. and {Schinzel}, F.~K. and {Taylor}, G.~B. and 
	{Vedantham}, H.~K. and {Wang}, Y. and {Woody}, D.~P.},
    title = "{The Radio Sky at Meter Wavelengths: m-mode Analysis Imaging with the OVRO-LWA}",
  journal = {\aj},
archivePrefix = "arXiv",
   eprint = {1711.00466},
 primaryClass = "astro-ph.IM",
 keywords = {cosmology: observations, dark ages, reionization, first stars, radio continuum: galaxies, radio continuum: ISM},
     year = 2018,
    month = jul,
   volume = 156,
      eid = {32},
    pages = {32},
      doi = {10.3847/1538-3881/aac721},
   adsurl = {http://adsabs.harvard.edu/abs/2018AJ....156...32E},
  adsnote = {Provided by the SAO/NASA Astrophysics Data System}
}

@ARTICLE{2013MNRAS.433..639P,
   author = {{Paciga}, G. and {Albert}, J.~G. and {Bandura}, K. and {Chang}, T.-C. and 
	{Gupta}, Y. and {Hirata}, C. and {Odegova}, J. and {Pen}, U.-L. and 
	{Peterson}, J.~B. and {Roy}, J. and {Shaw}, J.~R. and {Sigurdson}, K. and 
	{Voytek}, T.},
    title = "{A simulation-calibrated limit on the H I power spectrum from the GMRT Epoch of Reionization experiment}",
  journal = {\mnras},
archivePrefix = "arXiv",
   eprint = {1301.5906},
 keywords = {intergalactic medium, cosmology: observations, diffuse radiation, radio lines: general},
     year = 2013,
    month = jul,
   volume = 433,
    pages = {639-647},
      doi = {10.1093/mnras/stt753},
   adsurl = {http://adsabs.harvard.edu/abs/2013MNRAS.433..639P},
  adsnote = {Provided by the SAO/NASA Astrophysics Data System}
}

@ARTICLE{2010AJ....139.1468P,
   author = {{Parsons}, A.~R. and {Backer}, D.~C. and {Foster}, G.~S. and 
	{Wright}, M.~C.~H. and {Bradley}, R.~F. and {Gugliucci}, N.~E. and 
	{Parashare}, C.~R. and {Benoit}, E.~E. and {Aguirre}, J.~E. and 
	{Jacobs}, D.~C. and {Carilli}, C.~L. and {Herne}, D. and {Lynch}, M.~J. and 
	{Manley}, J.~R. and {Werthimer}, D.~J.},
    title = "{The Precision Array for Probing the Epoch of Re-ionization: Eight Station Results}",
  journal = {\aj},
archivePrefix = "arXiv",
   eprint = {0904.2334},
 keywords = {cosmology: observations, instrumentation: interferometers, radio continuum: general, techniques: interferometric, site testing, telescopes},
     year = 2010,
    month = apr,
   volume = 139,
    pages = {1468-1480},
      doi = {10.1088/0004-6256/139/4/1468},
   adsurl = {http://adsabs.harvard.edu/abs/2010AJ....139.1468P},
  adsnote = {Provided by the SAO/NASA Astrophysics Data System}
}

@ARTICLE{2017PASP..129d5001D,
   author = {{DeBoer}, D.~R. and {Parsons}, A.~R. and {Aguirre}, J.~E. and 
	{Alexander}, P. and {Ali}, Z.~S. and {Beardsley}, A.~P. and 
	{Bernardi}, G. and {Bowman}, J.~D. and {Bradley}, R.~F. and 
	{Carilli}, C.~L. and {Cheng}, C. and {de Lera Acedo}, E. and 
	{Dillon}, J.~S. and {Ewall-Wice}, A. and {Fadana}, G. and {Fagnoni}, N. and 
	{Fritz}, R. and {Furlanetto}, S.~R. and {Glendenning}, B. and 
	{Greig}, B. and {Grobbelaar}, J. and {Hazelton}, B.~J. and {Hewitt}, J.~N. and 
	{Hickish}, J. and {Jacobs}, D.~C. and {Julius}, A. and {Kariseb}, M. and 
	{Kohn}, S.~A. and {Lekalake}, T. and {Liu}, A. and {Loots}, A. and 
	{MacMahon}, D. and {Malan}, L. and {Malgas}, C. and {Maree}, M. and 
	{Martinot}, Z. and {Mathison}, N. and {Matsetela}, E. and {Mesinger}, A. and 
	{Morales}, M.~F. and {Neben}, A.~R. and {Patra}, N. and {Pieterse}, S. and 
	{Pober}, J.~C. and {Razavi-Ghods}, N. and {Ringuette}, J. and 
	{Robnett}, J. and {Rosie}, K. and {Sell}, R. and {Smith}, C. and 
	{Syce}, A. and {Tegmark}, M. and {Thyagarajan}, N. and {Williams}, P.~K.~G. and 
	{Zheng}, H.},
    title = "{Hydrogen Epoch of Reionization Array (HERA)}",
  journal = {\pasp},
archivePrefix = "arXiv",
   eprint = {1606.07473},
 primaryClass = "astro-ph.IM",
     year = 2017,
    month = apr,
   volume = 129,
   number = 4,
    pages = {045001},
      doi = {10.1088/1538-3873/129/974/045001},
   adsurl = {http://adsabs.harvard.edu/abs/2017PASP..129d5001D},
  adsnote = {Provided by the SAO/NASA Astrophysics Data System}
}

@ARTICLE{1988JRASC..82...93R,
   author = {{Reber}, G.},
    title = "{A Play Entitled the Beginning of Radio Astronomy}",
  journal = {\jrasc},
     year = 1988,
    month = jun,
   volume = 82,
    pages = {93},
   adsurl = {http://adsabs.harvard.edu/abs/1988JRASC..82...93R},
  adsnote = {Provided by the SAO/NASA Astrophysics Data System}
}

@INPROCEEDINGS{CosmicStatic,
   author = {{Reber}, G.},
    title = "{Cosmic Static.}",
  journal = {IEEE Proceedings},
     year = 1942,
    month = aug,
   volume = 30,
    pages = {367 - 378},
      doi = {10.1109/JRPROC.1942.231700},
      url = {https://ieeexplore.ieee.org/abstract/document/1694527/references#references},
}

@ARTICLE{2012PASP..124.1090H,
   author = {{Hicks}, B.~C. and {Paravastu-Dalal}, N. and {Stewart}, K.~P. and 
	{Erickson}, W.~C. and {Ray}, P.~S. and {Kassim}, N.~E. and {Burns}, S. and 
	{Clarke}, T. and {Schmitt}, H. and {Craig}, J. and {Hartman}, J. and 
	{Weiler}, K.~W.},
    title = "{A Wide-Band, Active Antenna System for Long Wavelength Radio Astronomy}",
  journal = {\pasp},
archivePrefix = "arXiv",
   eprint = {1210.0506},
 primaryClass = "astro-ph.IM",
     year = 2012,
    month = oct,
   volume = 124,
    pages = {1090},
      doi = {10.1086/668121},
   adsurl = {http://adsabs.harvard.edu/abs/2012PASP..124.1090H},
  adsnote = {Provided by the SAO/NASA Astrophysics Data System}
}

@book{book:RA,
   title =     {Radio Astronomy},
   author =    {John D. Kraus},
   publisher = {Powell, Ohio: Cygnus - Quasar Books, Durham},
   year =      {1986},
   edition =   {2nd edition},
}

@article{10.2307/530765,
 ISSN = {00359149},
 URL = {http://www.jstor.org/stable/530765},
 author = {A. C. B. Lovell},
 journal = {Notes and Records of the Royal Society of London},
 number = {1},
 pages = {65--68},
 publisher = {The Royal Society},
 title = {The Investigation of the Universe by Radio Astronomy: Synopsis},
 volume = {16},
 year = {1961}
}

@ARTICLE{2014ApJ...782...66P,
   author = {{Pober}, J.~C. and {Liu}, A. and {Dillon}, J.~S. and {Aguirre}, J.~E. and 
	{Bowman}, J.~D. and {Bradley}, R.~F. and {Carilli}, C.~L. and 
	{DeBoer}, D.~R. and {Hewitt}, J.~N. and {Jacobs}, D.~C. and 
	{McQuinn}, M. and {Morales}, M.~F. and {Parsons}, A.~R. and 
	{Tegmark}, M. and {Werthimer}, D.~J.},
    title = "{What Next-generation 21 cm Power Spectrum Measurements can Teach us About the Epoch of Reionization}",
  journal = {\apj},
archivePrefix = "arXiv",
   eprint = {1310.7031},
 keywords = {dark ages, reionization, first stars, techniques: interferometric},
     year = 2014,
    month = feb,
   volume = 782,
      eid = {66},
    pages = {66},
      doi = {10.1088/0004-637X/782/2/66},
   adsurl = {http://adsabs.harvard.edu/abs/2014ApJ...782...66P},
  adsnote = {Provided by the SAO/NASA Astrophysics Data System}
}

@ARTICLE{Memo28,
   author = {{Ellingson}, S. and {Kramer}, W.~T.},
    title = "{Designing a Sky-Noise-Limited Receiver for LWA}",
  journal = {Long Wavelength Array Memo (28)},
     year = 2004,
    month = Sept,
   url = {https://www.faculty.ece.vt.edu/swe/lwa/memo/lwa0028.pdf},
}

@ARTICLE{Memo27,
   author = {{Ellingson}, S.~W.},
    title = "{Receivers for Low-Frequency Radio Astronomy}",
  journal = {Long Wavelength Array Memo (27)},
     year = 2005,
   url = {https://www.faculty.ece.vt.edu/swe/lwa/memo/lwa0027.pdf},
}

@ARTICLE{Memo35,
   author = {{Ray}, P.~S. and {Ellingson}, S.~W. and {Fisher}, R. and {Kassim}, N.~E. and {Rickard}, L.~J. and {Clarke}, T.},
    title = "{A Strawman Design for the Long Wavelength Array Stations}",
  journal = {Long Wavelength Array Memo (35)},
     year = 2006,
    month = April,
   url = {https://www.faculty.ece.vt.edu/swe/lwa/memo/lwa0035.pdf},
}

@article{Memo157,
	author = {Ellingson, Steven and Clarke, Tracy and Cohen, Aaron and Craig, Joseph and Kassim, Nurfatin and Pihlström, Y. and Rickard, 		Lee and Taylor, Gregory},
	year = {2009},
	month = {09},
	pages = {1421 - 1430},
	title = {The Long Wavelength Array},
	volume = {97},
	journal = {Proceedings of the IEEE},
	doi = {10.1109/JPROC.2009.2015683}
}

@book{book:Stuart,
   title =     {An Introduction to High Frequency Small-Signal Amplifier Design},
   author =    {{MacPherson}, S.~D.},
   year =      {2009},
}

@manual{Planck,
  author = {{Odenwald}, S.},
  title = "{The Planck Era}",
  year = 2017,
  url = "{http://sten.astronomycafe.net/planck-era/}",
  note = {Accessed: 2018-11-24}
}


@article{article,
author = {George, Martin and Orchiston, Wayne and Slee, Bruce and Wielebinski, Richard},
year = {2015},
month = {01},
pages = {14-22},
title = {THE HISTORY OF EARLY LOW FREQUENCY RADIO ASTRONOMY IN AUSTRALIA. 2: TASMANIA},
volume = {18},
journal = {Journal of Astronomical History and Heritage}
}

@ARTICLE{1988A&A...195..372W,
   author = {{Weiler}, K.~W. and {Johnston}, K.~J. and {Simon}, R.~S. and 
	{Dennison}, B.~K. and {Erickson}, W.~C. and {Kaiser}, M.~L. and 
	{Cane}, H.~V. and {Desch}, M.~D.},
    title = "{A low frequency radio array for space}",
  journal = {\aap},
 keywords = {Low Frequencies, Phased Arrays, Radio Telescopes, Interferometry, Interstellar Gas, Plasma Oscillations, Radio Sources (Astronomy)},
     year = 1988,
    month = apr,
   volume = 195,
    pages = {372-379},
   adsurl = {http://adsabs.harvard.edu/abs/1988A%26A...195..372W},
  adsnote = {Provided by the SAO/NASA Astrophysics Data System}
}

@ARTICLE{1975A&A....40..365A,
   author = {{Alexander}, J.~K. and {Kaiser}, M.~L. and {Novaco}, J.~C. and 
	{Grena}, F.~R. and {Weber}, R.~R.},
    title = "{Scientific instrumentation of the Radio-Astronomy-Explorer-2 satellite}",
  journal = {\aap},
 keywords = {Lunar Occultation, Radio Astronomy Explorer Satellite, Satellite-Borne Instruments, Spaceborne Astronomy, Antenna Design, Dipole Antennas, Explorer 38 Satellite, Radio Receivers, Satellite Antennas, Solar Radio Bursts},
     year = 1975,
    month = may,
   volume = 40,
    pages = {365-371},
   adsurl = {http://adsabs.harvard.edu/abs/1975A%26A....40..365A},
  adsnote = {Provided by the SAO/NASA Astrophysics Data System}
}


@ARTICLE{1999A&AS..137....7R,
   author = {{Roger}, R.~S. and {Costain}, C.~H. and {Landecker}, T.~L. and 
	{Swerdlyk}, C.~M.},
    title = "{The radio emission from the Galaxy at 22 MHz}",
  journal = {\aaps},
   eprint = {astro-ph/9902213},
 keywords = {GALAXY: STRUCTURE, RADIO CONTINUUM: GENERAL, ISM},
     year = 1999,
    month = may,
   volume = 137,
    pages = {7-19},
      doi = {10.1051/aas:1999239},
   adsurl = {http://adsabs.harvard.edu/abs/1999A%26AS..137....7R},
  adsnote = {Provided by the SAO/NASA Astrophysics Data System}
}

@ARTICLE{2018AJ....156...32E,
   author = {{Eastwood}, M.~W. and {Anderson}, M.~M. and {Monroe}, R.~M. and 
	{Hallinan}, G. and {Barsdell}, B.~R. and {Bourke}, S.~A. and 
	{Clark}, M.~A. and {Ellingson}, S.~W. and {Dowell}, J. and {Garsden}, H. and 
	{Greenhill}, L.~J. and {Hartman}, J.~M. and {Kocz}, J. and {Lazio}, T.~J.~W. and 
	{Price}, D.~C. and {Schinzel}, F.~K. and {Taylor}, G.~B. and 
	{Vedantham}, H.~K. and {Wang}, Y. and {Woody}, D.~P.},
    title = "{The Radio Sky at Meter Wavelengths: m-mode Analysis Imaging with the OVRO-LWA}",
  journal = {\aj},
archivePrefix = "arXiv",
   eprint = {1711.00466},
 primaryClass = "astro-ph.IM",
 keywords = {cosmology: observations, dark ages, reionization, first stars, radio continuum: galaxies, radio continuum: ISM},
     year = 2018,
    month = jul,
   volume = 156,
      eid = {32},
    pages = {32},
      doi = {10.3847/1538-3881/aac721},
   adsurl = {http://adsabs.harvard.edu/abs/2018AJ....156...32E},
  adsnote = {Provided by the SAO/NASA Astrophysics Data System}
}

@ARTICLE{2004PhRvL..92u1301L,
   author = {{Loeb}, A. and {Zaldarriaga}, M.},
    title = "{Measuring the Small-Scale Power Spectrum of Cosmic Density Fluctuations through 21cm Tomography Prior to the Epoch of Structure Formation}",
  journal = {Physical Review Letters},
   eprint = {astro-ph/0312134},
 keywords = {Background radiations, Radiative transfer, scattering, Galaxy groups clusters and superclusters, large scale structure of the Universe, Observational cosmology},
     year = 2004,
    month = may,
   volume = 92,
   number = 21,
      eid = {211301},
    pages = {211301},
      doi = {10.1103/PhysRevLett.92.211301},
   adsurl = {http://adsabs.harvard.edu/abs/2004PhRvL..92u1301L},
  adsnote = {Provided by the SAO/NASA Astrophysics Data System}
}

@ARTICLE{1965ApJ...142..419P,
       author = {{Penzias}, A.~A. and {Wilson}, R.~W.},
        title = "{A Measurement of Excess Antenna Temperature at 4080 Mc/s.}",
      journal = {\apj},
     keywords = {Microwave Background, Cosmic Background Radiation},
         year = 1965,
        month = jul,
       volume = {142},
        pages = {419-421},
          doi = {10.1086/148307},
       adsurl = {https://ui.adsabs.harvard.edu/abs/1965ApJ...142..419P},
      adsnote = {Provided by the SAO/NASA Astrophysics Data System}
}

@ARTICLE{2004astro.ph..2528M,
       author = {{Mennella}, A. and {Baccigalupi}, C. and {Balbi}, A. and
         {Bersanelli}, M. and {Burigana}, C. and {Butler}, C. and
         {Cappellini}, B. and {De Gasperis}, G. and {Hansen}, F. and
         {Maino}, D. and {Mandolesi}, N. and {Maris}, M. and {Morgante}, G. and
         {Natoli}, P. and {Pasian}, F. and {Perrotta}, F. and {Platania}, P. and
         {Valenziano}, L. and {Villa}, F. and {Zacchei}, A.},
        title = "{Imaging the first light: experimental challenges and future perspectives in the observation of the Cosmic Microwave Background Anisotropy}",
      journal = {arXiv e-prints},
     keywords = {Astrophysics},
         year = 2004,
        month = feb,
          eid = {astro-ph/0402528},
        pages = {astro-ph/0402528},
archivePrefix = {arXiv},
       eprint = {astro-ph/0402528},
 primaryClass = {astro-ph},
       adsurl = {https://ui.adsabs.harvard.edu/abs/2004astro.ph..2528M},
      adsnote = {Provided by the SAO/NASA Astrophysics Data System}
}

@ARTICLE{2009ApJS..180..306D,
       author = {{Dunkley}, J. and {Komatsu}, E. and {Nolta}, M.~R. and {Spergel}, D.~N. and
         {Larson}, D. and {Hinshaw}, G. and {Page}, L. and {Bennett}, C.~L. and
         {Gold}, B. and {Jarosik}, N. and {Weiland}, J.~L. and {Halpern}, M. and
         {Hill}, R.~S. and {Kogut}, A. and {Limon}, M. and {Meyer}, S.~S. and
         {Tucker}, G.~S. and {Wollack}, E. and {Wright}, E.~L.},
        title = "{Five-Year Wilkinson Microwave Anisotropy Probe Observations: Likelihoods and Parameters from the WMAP Data}",
      journal = {\apjs},
     keywords = {cosmic microwave background, cosmology: observations, early universe, polarization, Astrophysics},
         year = 2009,
        month = feb,
       volume = {180},
       number = {2},
        pages = {306-329},
          doi = {10.1088/0067-0049/180/2/306},
archivePrefix = {arXiv},
       eprint = {0803.0586},
 primaryClass = {astro-ph},
       adsurl = {https://ui.adsabs.harvard.edu/abs/2009ApJS..180..306D},
      adsnote = {Provided by the SAO/NASA Astrophysics Data System}
}

@ARTICLE{2016A&A...594A..16P,
       author = {{Planck Collaboration} and {Ade}, P.~A.~R. and {Aghanim}, N. and
         {Akrami}, Y. and {Aluri}, P.~K. and {Arnaud}, M. and {Ashdown}, M. and
         {Aumont}, J. and {Baccigalupi}, C. and {Banday}, A.~J. and
         {Barreiro}, R.~B. and {Bartolo}, N. and {Basak}, S. and {Battaner}, E. and
         {Benabed}, K. and {Beno{\^\i}t}, A. and {Benoit-L{\'e}vy}, A. and
         {Bernard}, J. -P. and {Bersanelli}, M. and {Bielewicz}, P. and
         {Bock}, J.~J. and {Bonaldi}, A. and {Bonavera}, L. and {Bond}, J.~R. and
         {Borrill}, J. and {Bouchet}, F.~R. and {Boulanger}, F. and
         {Bucher}, M. and {Burigana}, C. and {Butler}, R.~C. and
         {Calabrese}, E. and {Cardoso}, J. -F. and {Casaponsa}, B. and
         {Catalano}, A. and {Challinor}, A. and {Chamballu}, A. and
         {Chiang}, H.~C. and {Christensen}, P.~R. and {Church}, S. and
         {Clements}, D.~L. and {Colombi}, S. and {Colombo}, L.~P.~L. and
         {Combet}, C. and {Contreras}, D. and {Couchot}, F. and {Coulais}, A. and
         {Crill}, B.~P. and {Cruz}, M. and {Curto}, A. and {Cuttaia}, F. and
         {Danese}, L. and {Davies}, R.~D. and {Davis}, R.~J. and
         {de Bernardis}, P. and {de Rosa}, A. and {de Zotti}, G. and
         {Delabrouille}, J. and {D{\'e}sert}, F. -X. and {Diego}, J.~M. and
         {Dole}, H. and {Donzelli}, S. and {Dor{\'e}}, O. and {Douspis}, M. and
         {Ducout}, A. and {Dupac}, X. and {Efstathiou}, G. and {Elsner}, F. and
         {En{\ss}lin}, T.~A. and {Eriksen}, H.~K. and {Fantaye}, Y. and
         {Fergusson}, J. and {Fernandez-Cobos}, R. and {Finelli}, F. and
         {Forni}, O. and {Frailis}, M. and {Fraisse}, A.~A. and
         {Franceschi}, E. and {Frejsel}, A. and {Frolov}, A. and {Galeotta}, S. and
         {Galli}, S. and {Ganga}, K. and {Gauthier}, C. and {Ghosh}, T. and
         {Giard}, M. and {Giraud-H{\'e}raud}, Y. and {Gjerl{\o}w}, E. and
         {Gonz{\'a}lez-Nuevo}, J. and {G{\'o}rski}, K.~M. and {Gratton}, S. and
         {Gregorio}, A. and {Gruppuso}, A. and {Gudmundsson}, J.~E. and
         {Hansen}, F.~K. and {Hanson}, D. and {Harrison}, D.~L. and
         {Henrot-Versill{\'e}}, S. and {Hern{\'a}ndez-Monteagudo}, C. and
         {Herranz}, D. and {Hildebrandt}, S.~R. and {Hivon}, E. and
         {Hobson}, M. and {Holmes}, W.~A. and {Hornstrup}, A. and {Hovest}, W. and
         {Huang}, Z. and {Huffenberger}, K.~M. and {Hurier}, G. and
         {Jaffe}, A.~H. and {Jaffe}, T.~R. and {Jones}, W.~C. and {Juvela}, M. and
         {Keih{\"a}nen}, E. and {Keskitalo}, R. and {Kim}, J. and
         {Kisner}, T.~S. and {Knoche}, J. and {Kunz}, M. and {Kurki-Suonio}, H. and
         {Lagache}, G. and {L{\"a}hteenm{\"a}ki}, A. and {Lamarre}, J. -M. and
         {Lasenby}, A. and {Lattanzi}, M. and {Lawrence}, C.~R. and
         {Leonardi}, R. and {Lesgourgues}, J. and {Levrier}, F. and
         {Liguori}, M. and {Lilje}, P.~B. and {Linden-V{\o}rnle}, M. and
         {Liu}, H. and {L{\'o}pez-Caniego}, M. and {Lubin}, P.~M. and
         {Mac{\'\i}as-P{\'e}rez}, J.~F. and {Maggio}, G. and {Maino}, D. and {Mand
        olesi}, N. and {Mangilli}, A. and {Marinucci}, D. and {Maris}, M. and
         {Martin}, P.~G. and {Mart{\'\i}nez-Gonz{\'a}lez}, E. and {Masi}, S. and
         {Matarrese}, S. and {McGehee}, P. and {Meinhold}, P.~R. and
         {Melchiorri}, A. and {Mendes}, L. and {Mennella}, A. and
         {Migliaccio}, M. and {Mikkelsen}, K. and {Mitra}, S. and
         {Miville-Desch{\^e}nes}, M. -A. and {Molinari}, D. and {Moneti}, A. and
         {Montier}, L. and {Morgante}, G. and {Mortlock}, D. and {Moss}, A. and
         {Munshi}, D. and {Murphy}, J.~A. and {Naselsky}, P. and {Nati}, F. and
         {Natoli}, P. and {Netterfield}, C.~B. and {N{\o}rgaard-Nielsen}, H.~U. and
         {Noviello}, F. and {Novikov}, D. and {Novikov}, I. and
         {Oxborrow}, C.~A. and {Paci}, F. and {Pagano}, L. and {Pajot}, F. and
         {Pant}, N. and {Paoletti}, D. and {Pasian}, F. and {Patanchon}, G. and
         {Pearson}, T.~J. and {Perdereau}, O. and {Perotto}, L. and
         {Perrotta}, F. and {Pettorino}, V. and {Piacentini}, F. and {Piat}, M. and
         {Pierpaoli}, E. and {Pietrobon}, D. and {Plaszczynski}, S. and
         {Pointecouteau}, E. and {Polenta}, G. and {Popa}, L. and
         {Pratt}, G.~W. and {Pr{\'e}zeau}, G. and {Prunet}, S. and
         {Puget}, J. -L. and {Rachen}, J.~P. and {Rebolo}, R. and
         {Reinecke}, M. and {Remazeilles}, M. and {Renault}, C. and {Renzi}, A. and
         {Ristorcelli}, I. and {Rocha}, G. and {Rosset}, C. and {Rossetti}, M. and
         {Rotti}, A. and {Roudier}, G. and {Rubi{\~n}o-Mart{\'\i}n}, J.~A. and
         {Rusholme}, B. and {Sandri}, M. and {Santos}, D. and {Savelainen}, M. and
         {Savini}, G. and {Scott}, D. and {Seiffert}, M.~D. and
         {Shellard}, E.~P.~S. and {Souradeep}, T. and {Spencer}, L.~D. and
         {Stolyarov}, V. and {Stompor}, R. and {Sudiwala}, R. and {Sunyaev}, R. and
         {Sutton}, D. and {Suur-Uski}, A. -S. and {Sygnet}, J. -F. and
         {Tauber}, J.~A. and {Terenzi}, L. and {Toffolatti}, L. and
         {Tomasi}, M. and {Tristram}, M. and {Trombetti}, T. and {Tucci}, M. and
         {Tuovinen}, J. and {Valenziano}, L. and {Valiviita}, J. and
         {Van Tent}, B. and {Vielva}, P. and {Villa}, F. and {Wade}, L.~A. and
         {Wandelt}, B.~D. and {Wehus}, I.~K. and {Yvon}, D. and {Zacchei}, A. and
         {Zibin}, J.~P. and {Zonca}, A.},
        title = "{Planck 2015 results. XVI. Isotropy and statistics of the CMB}",
      journal = {\aap},
     keywords = {cosmology: observations, cosmic background radiation, polarization, methods: data analysis, methods: statistical, Astrophysics - Cosmology and Nongalactic Astrophysics},
         year = 2016,
        month = sep,
       volume = {594},
          eid = {A16},
        pages = {A16},
          doi = {10.1051/0004-6361/201526681},
archivePrefix = {arXiv},
       eprint = {1506.07135},
 primaryClass = {astro-ph.CO},
       adsurl = {https://ui.adsabs.harvard.edu/abs/2016A&A...594A..16P},
      adsnote = {Provided by the SAO/NASA Astrophysics Data System}
}

@ARTICLE{2012AdSpR..49..433B,
       author = {{Burns}, Jack O. and {Lazio}, J. and {Bale}, S. and {Bowman}, J. and
         {Bradley}, R. and {Carilli}, C. and {Furlanetto}, S. and {Harker}, G. and
         {Loeb}, A. and {Pritchard}, J.},
        title = "{Probing the first stars and black holes in the early Universe with the Dark Ages Radio Explorer (DARE)}",
      journal = {Advances in Space Research},
     keywords = {Astrophysics - Cosmology and Nongalactic Astrophysics},
         year = 2012,
        month = feb,
       volume = {49},
       number = {3},
        pages = {433-450},
          doi = {10.1016/j.asr.2011.10.014},
archivePrefix = {arXiv},
       eprint = {1106.5194},
 primaryClass = {astro-ph.CO},
       adsurl = {https://ui.adsabs.harvard.edu/abs/2012AdSpR..49..433B},
      adsnote = {Provided by the SAO/NASA Astrophysics Data System}
}

@ARTICLE{2003Sci...300.1904M,
       author = {{Miralda-Escud{\'e}}, Jordi},
        title = "{The Dark Age of the Universe}",
      journal = {Science},
     keywords = {ASTRONOMY, Astrophysics},
         year = 2003,
        month = jun,
       volume = {300},
       number = {5627},
        pages = {1904-1909},
          doi = {10.1126/science.1085325},
archivePrefix = {arXiv},
       eprint = {astro-ph/0307396},
 primaryClass = {astro-ph},
       adsurl = {https://ui.adsabs.harvard.edu/abs/2003Sci...300.1904M},
      adsnote = {Provided by the SAO/NASA Astrophysics Data System}
}

@ARTICLE{2014arXiv1412.2096J,
       author = {{Jones}, Dayton L. and {Lazio}, T. Joseph W. and {Burns}, Jack O.},
        title = "{Dark Ages Radio Explorer Mission: Probing the Cosmic Dawn}",
      journal = {arXiv e-prints},
     keywords = {Astrophysics - Instrumentation and Methods for Astrophysics},
         year = 2014,
        month = dec,
          eid = {arXiv:1412.2096},
        pages = {arXiv:1412.2096},
archivePrefix = {arXiv},
       eprint = {1412.2096},
 primaryClass = {astro-ph.IM},
       adsurl = {https://ui.adsabs.harvard.edu/abs/2014arXiv1412.2096J},
      adsnote = {Provided by the SAO/NASA Astrophysics Data System}
}

@INPROCEEDINGS{2015aska.confE...1K,
       author = {{Koopmans}, L. and {Pritchard}, J. and {Mellema}, G. and {Aguirre}, J. and
         {Ahn}, K. and {Barkana}, R. and {van Bemmel}, I. and {Bernardi}, G. and
         {Bonaldi}, A. and {Briggs}, F. and {de Bruyn}, A.~G. and
         {Chang}, T.~C. and {Chapman}, E. and {Chen}, X. and {Ciardi}, B. and
         {Dayal}, P. and {Ferrara}, A. and {Fialkov}, A. and {Fiore}, F. and
         {Ichiki}, K. and {Illiev}, I.~T. and {Inoue}, S. and {Jelic}, V. and
         {Jones}, M. and {Lazio}, J. and {Maio}, U. and {Majumdar}, S. and
         {Mack}, K.~J. and {Mesinger}, A. and {Morales}, M.~F. and
         {Parsons}, A. and {Pen}, U.~L. and {Santos}, M. and {Schneider}, R. and
         {Semelin}, B. and {de Souza}, R.~S. and {Subrahmanyan}, R. and
         {Takeuchi}, T. and {Vedantham}, H. and {Wagg}, J. and {Webster}, R. and
         {Wyithe}, S. and {Datta}, K.~K. and {Trott}, C.},
        title = "{The Cosmic Dawn and Epoch of Reionisation with SKA}",
     keywords = {Astrophysics - Cosmology and Nongalactic Astrophysics},
    booktitle = {Advancing Astrophysics with the Square Kilometre Array (AASKA14)},
         year = 2015,
        month = apr,
          eid = {1},
        pages = {1},
archivePrefix = {arXiv},
       eprint = {1505.07568},
 primaryClass = {astro-ph.CO},
       adsurl = {https://ui.adsabs.harvard.edu/abs/2015aska.confE...1K},
      adsnote = {Provided by the SAO/NASA Astrophysics Data System}
}

@ARTICLE{2006PhR...433..181F,
       author = {{Furlanetto}, Steven R. and {Oh}, S. Peng and {Briggs}, Frank H.},
        title = "{Cosmology at low frequencies: The 21 cm transition and the high-redshift Universe}",
      journal = {\physrep},
     keywords = {Astrophysics},
         year = 2006,
        month = oct,
       volume = {433},
       number = {4-6},
        pages = {181-301},
          doi = {10.1016/j.physrep.2006.08.002},
archivePrefix = {arXiv},
       eprint = {astro-ph/0608032},
 primaryClass = {astro-ph},
       adsurl = {https://ui.adsabs.harvard.edu/abs/2006PhR...433..181F},
      adsnote = {Provided by the SAO/NASA Astrophysics Data System}
}

@ARTICLE{2012RPPh...75h6901P,
       author = {{Pritchard}, Jonathan R. and {Loeb}, Abraham},
        title = "{21 cm cosmology in the 21st century}",
      journal = {Reports on Progress in Physics},
     keywords = {Astrophysics - Cosmology and Nongalactic Astrophysics},
         year = 2012,
        month = aug,
       volume = {75},
       number = {8},
          eid = {086901},
        pages = {086901},
          doi = {10.1088/0034-4885/75/8/086901},
archivePrefix = {arXiv},
       eprint = {1109.6012},
 primaryClass = {astro-ph.CO},
       adsurl = {https://ui.adsabs.harvard.edu/abs/2012RPPh...75h6901P},
      adsnote = {Provided by the SAO/NASA Astrophysics Data System}
}

@ARTICLE{2016RvMP...88a5004C,
       author = {{Cyburt}, Richard H. and {Fields}, Brian D. and {Olive}, Keith A. and
         {Yeh}, Tsung-Han},
        title = "{Big bang nucleosynthesis: Present status}",
      journal = {Reviews of Modern Physics},
     keywords = {Astrophysics - Cosmology and Nongalactic Astrophysics},
         year = 2016,
        month = jan,
       volume = {88},
       number = {1},
          eid = {015004},
        pages = {015004},
          doi = {10.1103/RevModPhys.88.015004},
archivePrefix = {arXiv},
       eprint = {1505.01076},
 primaryClass = {astro-ph.CO},
       adsurl = {https://ui.adsabs.harvard.edu/abs/2016RvMP...88a5004C},
      adsnote = {Provided by the SAO/NASA Astrophysics Data System}
}

@ARTICLE{2007ApJ...660..516T,
       author = {{Tominaga}, Nozomu and {Umeda}, Hideyuki and {Nomoto}, Ken'ichi},
        title = "{Supernova Nucleosynthesis in Population III 13-50 M$_{solar}$ Stars and Abundance Patterns of Extremely Metal-poor Stars}",
      journal = {\apj},
     keywords = {Galaxy: Halo, Nuclear Reactions, Nucleosynthesis, Abundances, Stars: Abundances, Stars: Population II, Stars: Supernovae: General, Astrophysics},
         year = 2007,
        month = may,
       volume = {660},
       number = {1},
        pages = {516-540},
          doi = {10.1086/513063},
archivePrefix = {arXiv},
       eprint = {astro-ph/0701381},
 primaryClass = {astro-ph},
       adsurl = {https://ui.adsabs.harvard.edu/abs/2007ApJ...660..516T},
      adsnote = {Provided by the SAO/NASA Astrophysics Data System}
}

@ARTICLE{2017ApJ...835...49M,
       author = {{Monsalve}, Raul A. and {Rogers}, Alan E.~E. and {Bowman}, Judd D. and
         {Mozdzen}, Thomas J.},
        title = "{Calibration of the EDGES High-band Receiver to Observe the Global 21 cm Signature from the Epoch of Reionization}",
      journal = {\apj},
     keywords = {cosmology: observations, early universe, instrumentation: miscellaneous, methods: statistical, Astrophysics - Instrumentation and Methods for Astrophysics, Astrophysics - Cosmology and Nongalactic Astrophysics},
         year = 2017,
        month = jan,
       volume = {835},
       number = {1},
          eid = {49},
        pages = {49},
          doi = {10.3847/1538-4357/835/1/49},
archivePrefix = {arXiv},
       eprint = {1602.08065},
 primaryClass = {astro-ph.IM},
       adsurl = {https://ui.adsabs.harvard.edu/abs/2017ApJ...835...49M},
      adsnote = {Provided by the SAO/NASA Astrophysics Data System}
}

@book{book:BasicsofRA,
   title =     {Basics of Radio Astronomy for the Goldstone-Apple Valley Radio Telescope},
   author =    {{Fisher Miller},D.},
   publisher = {Jet Propulsion Laboratory Mission Execution and Automation Section Customer Integration Services Group},
   isbn =      {JPL D-13835},
   year =      {1998},
   pages =     {3-6},
   url =       {https://www2.jpl.nasa.gov/radioastronomy/radioastronomy_all.pdf}
}

@ARTICLE{1976MNRAS.177..601C,
       author = {{Caswell}, J.~L.},
        title = "{A map of the northern sky at 10 MHz.}",
      journal = {\mnras},
     keywords = {Astronomical Maps, Background Radiation, Galactic Radiation, Northern Hemisphere, Radio Telescopes, Sky Brightness, Antenna Arrays, Astronomical Models, Error Analysis, H Ii Regions, Nonthermal Radiation, Radio Astronomy, Spiral Galaxies, T Shape, Temperature Gradients, Astronomy},
         year = 1976,
        month = dec,
       volume = {177},
        pages = {601-616},
          doi = {10.1093/mnras/177.3.601},
       adsurl = {https://ui.adsabs.harvard.edu/abs/1976MNRAS.177..601C},
      adsnote = {Provided by the SAO/NASA Astrophysics Data System}
}

@ARTICLE{2020AntAs..14....2M,
       author = {{Mitton}, Simon},
        title = "{Georges Lemaitre and the foundations of Big Bang cosmology}",
      journal = {The Antiquarian Astronomer},
     keywords = {Physics - History and Philosophy of Physics, General Relativity and Quantum Cosmology, Physics - Popular Physics},
         year = 2020,
        month = jun,
       volume = {14},
        pages = {2-19},
archivePrefix = {arXiv},
       eprint = {2007.09459},
 primaryClass = {physics.hist-ph},
       adsurl = {https://ui.adsabs.harvard.edu/abs/2020AntAs..14....2M},
      adsnote = {Provided by the SAO/NASA Astrophysics Data System}
}

@ARTICLE{2018RAA....18..114H,
       author = {{Huang}, Qi-Zhi and {Wu}, Feng-Quan and {Ansari}, Reza and
         {Chen}, Xuelei},
        title = "{Extracting 21 cm signal by frequency and angular filtering}",
      journal = {Research in Astronomy and Astrophysics},
     keywords = {Astrophysics - Cosmology and Nongalactic Astrophysics},
         year = 2018,
        month = aug,
       volume = {18},
       number = {9},
          eid = {114},
        pages = {114},
          doi = {10.1088/1674-4527/18/9/114},
archivePrefix = {arXiv},
       eprint = {1805.08265},
 primaryClass = {astro-ph.CO},
       adsurl = {https://ui.adsabs.harvard.edu/abs/2018RAA....18..114H},
      adsnote = {Provided by the SAO/NASA Astrophysics Data System}
}

@ARTICLE{2008MNRAS.389.1319J,
       author = {{Jeli{\'c}}, V. and {Zaroubi}, S. and {Labropoulos}, P. and
         {Thomas}, R.~M. and {Bernardi}, G. and {Brentjens}, M.~A. and
         {de Bruyn}, A.~G. and {Ciardi}, B. and {Harker}, G. and
         {Koopmans}, L.~V.~E. and {Pandey}, V.~N. and {Schaye}, J. and
         {Yatawatta}, S.},
        title = "{Foreground simulations for the LOFAR-epoch of reionization experiment}",
      journal = {\mnras},
     keywords = {instrumentation: interferometers, cosmology: observation, cosmology: theory, diffuse radiation, radio continuum: general, radio lines: general, Astrophysics},
         year = 2008,
        month = sep,
       volume = {389},
       number = {3},
        pages = {1319-1335},
          doi = {10.1111/j.1365-2966.2008.13634.x},
archivePrefix = {arXiv},
       eprint = {0804.1130},
 primaryClass = {astro-ph},
       adsurl = {https://ui.adsabs.harvard.edu/abs/2008MNRAS.389.1319J},
      adsnote = {Provided by the SAO/NASA Astrophysics Data System}
}

@ARTICLE{2005ITAP...53.2480E,
       author = {{Ellingson}, S.~W.},
        title = "{Antennas for the Next Generation of Low-Frequency Radio Telescopes}",
      journal = {IEEE Transactions on Antennas and Propagation},
         year = 2005,
        month = aug,
       volume = {53},
       number = {8},
        pages = {2480-2489},
          doi = {10.1109/TAP.2005.852281},
       adsurl = {https://ui.adsabs.harvard.edu/abs/2005ITAP...53.2480E},
      adsnote = {Provided by the SAO/NASA Astrophysics Data System}
}

@ARTICLE{2019MNRAS.488.2605K,
       author = {{Kerrigan}, Joshua and {La Plante}, Paul and {Kohn}, Saul and
         {Pober}, Jonathan C. and {Aguirre}, James and {Abdurashidova}, Zara and
         {Alexander}, Paul and {Ali}, Zaki S. and {Balfour}, Yanga and
         {Beardsley}, Adam P. and {Bernardi}, Gianni and {Bowman}, Judd D. and
         {Bradley}, Richard F. and {Burba}, Jacob and {Carilli}, Chris L. and
         {Cheng}, Carina and {DeBoer}, David R. and {Dexter}, Matt and
         {Acedo}, Eloy de Lera and {Dillon}, Joshua S. and {Estrada}, Julia and
         {Ewall-Wice}, Aaron and {Fagnoni}, Nicolas and {Fritz}, Randall and
         {Furlanetto}, Steve R. and {Glendenning}, Brian and {Greig}, Bradley and
         {Grobbelaar}, Jasper and {Gorthi}, Deepthi and {Halday}, Ziyaad and
         {Hazelton}, Bryna J. and {Hickish}, Jack and {Jacobs}, Daniel C. and
         {Julius}, Austin and {Kern}, Nicholas S. and {Kittiwisit}, Piyanat and
         {Kolopanis}, Matthew and {Lanman}, Adam and {Lekalake}, Telalo and
         {Liu}, Adrian and {MacMahon}, David and {Malan}, Lourence and
         {Malgas}, Cresshim and {Maree}, Matthys and {Martinot}, Zachary E. and
         {Matsetela}, Eunice and {Mesinger}, Andrei and {Molewa}, Mathakane and
         {Morales}, Miguel F. and {Mosiane}, Tshegofalang and
         {Neben}, Abraham R. and {Parsons}, Aaron R. and {Patra}, Nipanjana and
         {Pieterse}, Samantha and {Razavi-Ghods}, Nima and {Ringuette}, Jon and
         {Robnett}, James and {Rosie}, Kathryn and {Sims}, Peter and
         {Smith}, Craig and {Syce}, Angelo and {Thyagarajan}, Nithyanandan and
         {Williams}, Peter K.~G. and {Zheng}, Haoxuan},
        title = "{Optimizing sparse RFI prediction using deep learning}",
      journal = {\mnras},
     keywords = {methods: data analysis, techniques: interferometric, Astrophysics - Instrumentation and Methods for Astrophysics, Astrophysics - Cosmology and Nongalactic Astrophysics},
         year = 2019,
        month = sep,
       volume = {488},
       number = {2},
        pages = {2605-2615},
          doi = {10.1093/mnras/stz1865},
archivePrefix = {arXiv},
       eprint = {1902.08244},
 primaryClass = {astro-ph.IM},
       adsurl = {https://ui.adsabs.harvard.edu/abs/2019MNRAS.488.2605K},
      adsnote = {Provided by the SAO/NASA Astrophysics Data System}
}

@ARTICLE{2020ApJ...888...70K,
       author = {{Kern}, Nicholas S. and {Parsons}, Aaron R. and {Dillon}, Joshua S. and
         {Lanman}, Adam E. and {Liu}, Adrian and {Bull}, Philip and
         {Ewall-Wice}, Aaron and {Abdurashidova}, Zara and {Aguirre}, James E. and
         {Alexander}, Paul and {Ali}, Zaki S. and {Balfour}, Yanga and
         {Beardsley}, Adam P. and {Bernardi}, Gianni and {Bowman}, Judd D. and
         {Bradley}, Richard F. and {Burba}, Jacob and {Carilli}, Chris L. and
         {Cheng}, Carina and {DeBoer}, David R. and {Dexter}, Matt and
         {de Lera Acedo}, Eloy and {Fagnoni}, Nicolas and {Fritz}, Randall and
         {Furlanetto}, Steve R. and {Glendenning}, Brian and {Gorthi}, Deepthi and
         {Greig}, Bradley and {Grobbelaar}, Jasper and {Halday}, Ziyaad and
         {Hazelton}, Bryna J. and {Hewitt}, Jacqueline N. and {Hickish}, Jack and
         {Jacobs}, Daniel C. and {Julius}, Austin and {Kerrigan}, Joshua and
         {Kittiwisit}, Piyanat and {Kohn}, Saul A. and {Kolopanis}, Matthew and
         {La Plante}, Paul and {Lekalake}, Telalo and {MacMahon}, David and
         {Malan}, Lourence and {Malgas}, Cresshim and {Maree}, Matthys and
         {Martinot}, Zachary E. and {Matsetela}, Eunice and {Mesinger}, Andrei and
         {Molewa}, Mathakane and {Morales}, Miguel F. and
         {Mosiane}, Tshegofalang and {Murray}, Steven G. and
         {Neben}, Abraham R. and {Parsons}, Aaron R. and {Patra}, Nipanjana and
         {Pieterse}, Samantha and {Pober}, Jonathan C. and {Razavi-Ghods}, Nima and
         {Ringuette}, Jon and {Robnett}, James and {Rosie}, Kathryn and
         {Sims}, Peter and {Smith}, Craig and {Syce}, Angelo and
         {Thyagarajan}, Nithyanandan and {Williams}, Peter K.~G. and
         {Zheng}, Haoxuan},
        title = "{Mitigating Internal Instrument Coupling for 21 cm Cosmology. II. A Method Demonstration with the Hydrogen Epoch of Reionization Array}",
      journal = {\apj},
     keywords = {Reionization, Cosmology, Astronomy data analysis, 1383, 343, 1858, Astrophysics - Instrumentation and Methods for Astrophysics, Astrophysics - Cosmology and Nongalactic Astrophysics},
         year = 2020,
        month = jan,
       volume = {888},
       number = {2},
          eid = {70},
        pages = {70},
          doi = {10.3847/1538-4357/ab5e8a},
archivePrefix = {arXiv},
       eprint = {1909.11733},
 primaryClass = {astro-ph.IM},
       adsurl = {https://ui.adsabs.harvard.edu/abs/2020ApJ...888...70K},
      adsnote = {Provided by the SAO/NASA Astrophysics Data System}
}

@ARTICLE{2018MNRAS.478.4193P,
       author = {{Price}, D.~C. and {Greenhill}, L.~J. and {Fialkov}, A. and
         {Bernardi}, G. and {Garsden}, H. and {Barsdell}, B.~R. and {Kocz}, J. and
         {Anderson}, M.~M. and {Bourke}, S.~A. and {Craig}, J. and
         {Dexter}, M.~R. and {Dowell}, J. and {Eastwood}, M.~W. and
         {Eftekhari}, T. and {Ellingson}, S.~W. and {Hallinan}, G. and
         {Hartman}, J.~M. and {Kimberk}, R. and {Lazio}, T. Joseph W. and
         {Leiker}, S. and {MacMahon}, D. and {Monroe}, R. and {Schinzel}, F. and
         {Taylor}, G.~B. and {Tong}, E. and {Werthimer}, D. and {Woody}, D.~P.},
        title = "{Design and characterization of the Large-aperture Experiment to Detect the Dark Age (LEDA) radiometer systems}",
      journal = {\mnras},
     keywords = {instrumentation: detectors, telescopes, dark ages, reionization, first stars, cosmology: observations, Astrophysics - Instrumentation and Methods for Astrophysics},
         year = 2018,
        month = aug,
       volume = {478},
       number = {3},
        pages = {4193-4213},
          doi = {10.1093/mnras/sty1244},
archivePrefix = {arXiv},
       eprint = {1709.09313},
 primaryClass = {astro-ph.IM},
       adsurl = {https://ui.adsabs.harvard.edu/abs/2018MNRAS.478.4193P},
      adsnote = {Provided by the SAO/NASA Astrophysics Data System}
}

@ARTICLE{2015PASA...32....4S,
       author = {{Sokolowski}, Marcin and {Tremblay}, Steven E. and {Wayth}, Randall B. and
         {Tingay}, Steven J. and {Clarke}, Nathan and {Roberts}, Paul and
         {Waterson}, Mark and {Ekers}, Ronald D. and {Hall}, Peter and
         {Lewis}, Morgan and {Mossammaparast}, Mehran and {Padhi}, Shantanu and
         {Schlagenhaufer}, Franz and {Sutinjo}, Adrian and {Tickner}, Jonathan},
        title = "{BIGHORNS - Broadband Instrument for Global HydrOgen ReioNisation Signal}",
      journal = {\pasa},
     keywords = {cosmology: observations, dark ages, reionisation, first stars, instrumentation: miscellaneous, methods: data analysis, methods: observational, Astrophysics - Instrumentation and Methods for Astrophysics},
         year = 2015,
        month = feb,
       volume = {32},
          eid = {e004},
        pages = {e004},
          doi = {10.1017/pasa.2015.3},
archivePrefix = {arXiv},
       eprint = {1501.02922},
 primaryClass = {astro-ph.IM},
       adsurl = {https://ui.adsabs.harvard.edu/abs/2015PASA...32....4S},
      adsnote = {Provided by the SAO/NASA Astrophysics Data System}
}

@ARTICLE{1965ApJ...142..419P,
       author = {{Penzias}, A.~A. and {Wilson}, R.~W.},
        title = "{A Measurement of Excess Antenna Temperature at 4080 Mc/s.}",
      journal = {\apj},
     keywords = {Microwave Background, Cosmic Background Radiation},
         year = 1965,
        month = jul,
       volume = {142},
        pages = {419-421},
          doi = {10.1086/148307},
       adsurl = {https://ui.adsabs.harvard.edu/abs/1965ApJ...142..419P},
      adsnote = {Provided by the SAO/NASA Astrophysics Data System}
}

@ARTICLE{1926ApJ....64..321H,
       author = {{Hubble}, E.~P.},
        title = "{Extragalactic nebulae.}",
      journal = {\apj},
         year = 1926,
        month = dec,
       volume = {64},
        pages = {321-369},
          doi = {10.1086/143018},
       adsurl = {https://ui.adsabs.harvard.edu/abs/1926ApJ....64..321H},
      adsnote = {Provided by the SAO/NASA Astrophysics Data System}
}

@ARTICLE{1981PhRvD..23..347G,
       author = {{Guth}, Alan H.},
        title = "{Inflationary universe: A possible solution to the horizon and flatness problems}",
      journal = {\prd},
         year = 1981,
        month = jan,
       volume = {23},
       number = {2},
        pages = {347-356},
          doi = {10.1103/PhysRevD.23.347},
       adsurl = {https://ui.adsabs.harvard.edu/abs/1981PhRvD..23..347G},
      adsnote = {Provided by the SAO/NASA Astrophysics Data System}
}

@ARTICLE{2016JAI.....541001H,
       author = {{Hickish}, Jack and {Abdurashidova}, Zuhra and {Ali}, Zaki and
         {Buch}, Kaushal D. and {Chaudhari}, Sandeep C. and {Chen}, Hong and
         {Dexter}, Matthew and {Domagalski}, Rachel Simone and {Ford}, John and
         {Foster}, Griffin and {George}, David and {Greenberg}, Joe and
         {Greenhill}, Lincoln and {Isaacson}, Adam and {Jiang}, Homin and
         {Jones}, Glenn and {Kapp}, Francois and {Kriel}, Henno and
         {Lacasse}, Rich and {Lutomirski}, Andrew and {MacMahon}, David and
         {Manley}, Jason and {Martens}, Andrew and {McCullough}, Randy and
         {Muley}, Mekhala V. and {New}, Wesley and {Parsons}, Aaron and
         {Price}, Daniel C. and {Primiani}, Rurik A. and {Ray}, Jason and
         {Siemion}, Andrew and {van Tonder}, Verees{\'e} and
         {Vertatschitsch}, Laura and {Wagner}, Mark and {Weintroub}, Jonathan and
         {Werthimer}, Dan},
        title = "{A Decade of Developing Radio-Astronomy Instrumentation using CASPER Open-Source Technology}",
      journal = {Journal of Astronomical Instrumentation},
     keywords = {CASPER, digital signal processing, radio-astronomy, instrumentation, Astrophysics - Instrumentation and Methods for Astrophysics},
         year = 2016,
        month = dec,
       volume = {5},
       number = {4},
          eid = {1641001-12},
        pages = {1641001-12},
          doi = {10.1142/S2251171716410014},
archivePrefix = {arXiv},
       eprint = {1611.01826},
 primaryClass = {astro-ph.IM},
       adsurl = {https://ui.adsabs.harvard.edu/abs/2016JAI.....541001H},
      adsnote = {Provided by the SAO/NASA Astrophysics Data System}
}

@ARTICLE{2020arXiv200812208C,
       author = {{Chiang}, H.~C. and {Dyson}, T. and {Egan}, E. and {Eyono}, S. and
         {Ghazi}, N. and {Hickish}, J. and {Jauregui-Garcia}, J.~M. and
         {Manukha}, V. and {Moso}, T. and {Peterson}, J. and {Philip}, L. and
         {Sievers}, J.~L. and {Tartakovsky}, S.},
        title = "{The Array of Long Baseline Antennas for Taking Radio Observations from the Sub-Antarctic}",
      journal = {arXiv e-prints},
     keywords = {Astrophysics - Instrumentation and Methods for Astrophysics, Astrophysics - Cosmology and Nongalactic Astrophysics},
         year = 2020,
        month = aug,
          eid = {arXiv:2008.12208},
        pages = {arXiv:2008.12208},
archivePrefix = {arXiv},
       eprint = {2008.12208},
 primaryClass = {astro-ph.IM},
       adsurl = {https://ui.adsabs.harvard.edu/abs/2020arXiv200812208C},
      adsnote = {Provided by the SAO/NASA Astrophysics Data System}
}

@Article{ars-16-1-2018,
AUTHOR = {Bilitza, D.},
TITLE = {IRI the International Standard for the Ionosphere},
JOURNAL = {Advances in Radio Science},
VOLUME = {16},
YEAR = {2018},
PAGES = {1--11},
URL = {https://ars.copernicus.org/articles/16/1/2018/},
DOI = {10.5194/ars-16-1-2018}
}

@ARTICLE{2018NatCo...9.5209B,
       author = {{Bhowmik}, Prantika and {Nandy}, Dibyendu},
        title = "{Prediction of the strength and timing of sunspot cycle 25 reveal decadal-scale space environmental conditions}",
      journal = {Nature Communications},
     keywords = {Astrophysics - Solar and Stellar Astrophysics},
         year = 2018,
        month = dec,
       volume = {9},
          eid = {5209},
        pages = {5209},
          doi = {10.1038/s41467-018-07690-0},
archivePrefix = {arXiv},
       eprint = {1909.04537},
 primaryClass = {astro-ph.SR},
       adsurl = {https://ui.adsabs.harvard.edu/abs/2018NatCo...9.5209B},
      adsnote = {Provided by the SAO/NASA Astrophysics Data System}
}

@misc{PEI,
  author = {},
  title = {{Prince Edward Islands}},
  howpublished = "\url{https://en.wikipedia.org/wiki/Prince_Edward_Islands}",
  year = {2007}, 
  note = "[Online; accessed 20-January-2021]"
}

@INPROCEEDINGS{1996pimo.conf...99W,
       author = {{Wislez}, J. -M.},
        title = "{Forward scattering of radio waves off meteor trails}",
    booktitle = {Proceedings of the International Meteor Conference, 14th IMC, Brandenburg, Germany, 1995},
         year = 1996,
        month = jan,
        pages = {99-117},
       adsurl = {https://ui.adsabs.harvard.edu/abs/1996pimo.conf...99W},
      adsnote = {Provided by the SAO/NASA Astrophysics Data System}
}

@ARTICLE{2019arXiv190710853C,
       author = {{Chen}, Xuelei and {Burns}, Jack and {Koopmans}, Leon and {Rothkaehi}, Hanna and {Silk}, Joseph and {Wu}, Ji and {Boonstra}, Albert-Jan and {Cecconi}, Baptiste and {Chiang}, Cynthia H. and {Chen}, Linjie and {Deng}, Li and {Falanga}, Maurizio and {Falcke}, Heino and {Fan}, Quanlin and {Fang}, Guangyou and {Fialkov}, Anastasia and {Gurvits}, Leonid and {Ji}, Yicai and {Kasper}, Justin C. and {Li}, Kejia and {Mao}, Yi and {Mckinley}, Benjamin and {Monsalve}, Raul and {Peterson}, Jeffery B. and {Ping}, Jinsong and {Subrahmanyan}, Ravi and {Vedantham}, Harish and {Klein Wolt}, Marc and {Wu}, Fengquan and {Xu}, Yidong and {Yan}, Jingye and {Yue}, Bin},
        title = "{Discovering the Sky at the Longest Wavelengths with Small Satellite Constellations}",
      journal = {arXiv e-prints},
     keywords = {Astrophysics - Instrumentation and Methods for Astrophysics},
         year = 2019,
        month = jul,
          eid = {arXiv:1907.10853},
        pages = {arXiv:1907.10853},
archivePrefix = {arXiv},
       eprint = {1907.10853},
 primaryClass = {astro-ph.IM},
       adsurl = {https://ui.adsabs.harvard.edu/abs/2019arXiv190710853C},
      adsnote = {Provided by the SAO/NASA Astrophysics Data System}
}

@ARTICLE{2019arXiv190804296K,
       author = {{Koopmans}, Leon and {Barkana}, Rennan and {Bentum}, Mark and {Bernardi}, Gianni and {Boonstra}, Albert-Jan and {Bowman}, Judd and {Burns}, Jack and {Chen}, Xuelei and {Datta}, Abhirup and {Falcke}, Heino and {Fialkov}, Anastasia and {Gehlot}, Bharat and {Gurvits}, Leonid and {Jeli{\'c}}, Vibor and {Klein-Wolt}, Marc and {Koopmans}, L{\'e}on and {Lazio}, Joseph and {Meerburg}, Daan and {Mellema}, Garrelt and {Mertens}, Florent and {Mesinger}, Andrei and {Offringa}, Andr{\'e} and {Pritchard}, Jonathan and {Semelin}, Benoit and {Subrahmanyan}, Ravi and {Silk}, Joseph and {Trott}, Cathryn and {Vedantham}, Harish and {Verde}, Licia and {Zaroubi}, Saleem and {Zarka}, Philippe},
        title = "{Peering into the Dark (Ages) with Low-Frequency Space Interferometers}",
      journal = {arXiv e-prints},
     keywords = {Astrophysics - Instrumentation and Methods for Astrophysics},
         year = 2019,
        month = aug,
          eid = {arXiv:1908.04296},
        pages = {arXiv:1908.04296},
archivePrefix = {arXiv},
       eprint = {1908.04296},
 primaryClass = {astro-ph.IM},
       adsurl = {https://ui.adsabs.harvard.edu/abs/2019arXiv190804296K},
      adsnote = {Provided by the SAO/NASA Astrophysics Data System}
}

@INPROCEEDINGS{8072391,  
	author={J. M. {Jáuregui-García} and J. B. {Peterson} and E. {Castillo-Domínguez} and T. C. {Voytek}},  
	booktitle={2017 IEEE International Symposium on Antennas and Propagation   USNC/URSI National Radio Science Meeting},   
	title={HIBiscus, a broadband antenna with matching impedance and uniform radiation pattern},   
	year={2017},  
	volume={},  
	number={},  
	pages={697-698},  
	doi={10.1109/APUSNCURSINRSM.2017.8072391}}

@INPROCEEDINGS{2002ASPC..278...81C,
       author = {{Campbell}, Donald B.},
        title = "{Measurement in Radio Astronomy}",
    booktitle = {Single-Dish Radio Astronomy: Techniques and Applications},
         year = 2002,
       editor = {{Stanimirovic}, Snezana and {Altschuler}, Daniel and {Goldsmith}, Paul and {Salter}, Chris},
       series = {Astronomical Society of the Pacific Conference Series},
       volume = {278},
        month = dec,
        pages = {81-90},
       adsurl = {https://ui.adsabs.harvard.edu/abs/2002ASPC..278...81C},
      adsnote = {Provided by the SAO/NASA Astrophysics Data System}
}

@ARTICLE{2020PASP..132f2001L,
       author = {{Liu}, Adrian and {Shaw}, J. Richard},
        title = "{Data Analysis for Precision 21 cm Cosmology}",
      journal = {\pasp},
     keywords = {dark ages, reionization, first stars, methods: statistical, techniques: interferometric, Astrophysics - Instrumentation and Methods for Astrophysics, Astrophysics - Cosmology and Nongalactic Astrophysics},
         year = 2020,
        month = jun,
       volume = {132},
       number = {1012},
          eid = {062001},
        pages = {062001},
          doi = {10.1088/1538-3873/ab5bfd},
archivePrefix = {arXiv},
       eprint = {1907.08211},
 primaryClass = {astro-ph.IM},
       adsurl = {https://ui.adsabs.harvard.edu/abs/2020PASP..132f2001L},
      adsnote = {Provided by the SAO/NASA Astrophysics Data System}
}

@ARTICLE{2010Natur.468..796B,
       author = {{Bowman}, Judd D. and {Rogers}, Alan E.~E.},
        title = "{A lower limit of {\ensuremath{\Delta}}z>0.06 for the duration of the reionization epoch}",
      journal = {\nat},
     keywords = {Astrophysics - Cosmology and Nongalactic Astrophysics},
         year = 2010,
        month = dec,
       volume = {468},
       number = {7325},
        pages = {796-798},
          doi = {10.1038/nature09601},
archivePrefix = {arXiv},
       eprint = {1209.1117},
 primaryClass = {astro-ph.CO},
       adsurl = {https://ui.adsabs.harvard.edu/abs/2010Natur.468..796B},
      adsnote = {Provided by the SAO/NASA Astrophysics Data System}
}

@ARTICLE{2016arXiv161004696S,
       author = {{Sokolowski}, Marcin and {Wayth}, Randall B. and {Lewis}, Morgan},
        title = "{The statistics of low frequency radio interference at the Murchison Radio-astronomy Observatory}",
      journal = {arXiv e-prints},
     keywords = {Astrophysics - Instrumentation and Methods for Astrophysics},
         year = 2016,
        month = oct,
          eid = {arXiv:1610.04696},
        pages = {arXiv:1610.04696},
archivePrefix = {arXiv},
       eprint = {1610.04696},
 primaryClass = {astro-ph.IM},
       adsurl = {https://ui.adsabs.harvard.edu/abs/2016arXiv161004696S},
      adsnote = {Provided by the SAO/NASA Astrophysics Data System}
}

@ARTICLE{2015RaSc...50..614N,
       author = {{Neben}, A.~R. and {Bradley}, R.~F. and {Hewitt}, J.~N. and {Bernardi}, G. and {Bowman}, J.~D. and {Briggs}, F. and {Cappallo}, R.~J. and {Deshpande}, A.~A. and {Goeke}, R. and {Greenhill}, L.~J. and {Hazelton}, B.~J. and {Johnston-Hollitt}, M. and {Kaplan}, D.~L. and {Lonsdale}, C.~J. and {McWhirter}, S.~R. and {Mitchell}, D.~A. and {Morales}, M.~F. and {Morgan}, E. and {Oberoi}, D. and {Ord}, S.~M. and {Prabu}, T. and {Shankar}, N. Udaya and {Srivani}, K.~S. and {Subrahmanyan}, R. and {Tingay}, S.~J. and {Wayth}, R.~B. and {Webster}, R.~L. and {Williams}, A. and {Williams}, C.~L.},
        title = "{Measuring phased-array antenna beampatterns with high dynamic range for the Murchison Widefield Array using 137 MHz ORBCOMM satellites}",
      journal = {Radio Science},
     keywords = {antenna arrays, radio astronomy, antennas, Astrophysics - Instrumentation and Methods for Astrophysics},
         year = 2015,
        month = jul,
       volume = {50},
       number = {7},
        pages = {614-629},
          doi = {10.1002/2015RS005678},
archivePrefix = {arXiv},
       eprint = {1505.07114},
 primaryClass = {astro-ph.IM},
       adsurl = {https://ui.adsabs.harvard.edu/abs/2015RaSc...50..614N},
      adsnote = {Provided by the SAO/NASA Astrophysics Data System}
}

@ARTICLE{2018PASA...35...45L,
       author = {{Line}, J.~L.~B. and {McKinley}, B. and {Rasti}, J. and {Bhardwaj}, M. and {Wayth}, R.~B. and {Webster}, R.~L. and {Ung}, D. and {Emrich}, D. and {Horsley}, L. and {Beardsley}, A. and {Crosse}, B. and {Franzen}, T.~M.~O. and {Gaensler}, B.~M. and {Johnston-Hollitt}, M. and {Kaplan}, D.~L. and {Kenney}, D. and {Morales}, M.~F. and {Pallot}, D. and {Steele}, K. and {Tingay}, S.~J. and {Trott}, C.~M. and {Walker}, M. and {Williams}, A. and {Wu}, C.},
        title = "{In situ measurement of MWA primary beam variation using ORBCOMM}",
      journal = {\pasa},
     keywords = {methods: observational, site testing, techniques: interferometric, Astrophysics - Instrumentation and Methods for Astrophysics},
         year = 2018,
        month = dec,
       volume = {35},
        pages = {45},
          doi = {10.1017/pasa.2018.30},
archivePrefix = {arXiv},
       eprint = {1808.04516},
 primaryClass = {astro-ph.IM},
       adsurl = {https://ui.adsabs.harvard.edu/abs/2018PASA...35...45L},
      adsnote = {Provided by the SAO/NASA Astrophysics Data System}
}

@ARTICLE{2008ApJ...676....1B,
       author = {{Bowman}, Judd D. and {Rogers}, Alan E.~E. and {Hewitt}, Jacqueline N.},
        title = "{Toward Empirical Constraints on the Global Redshifted 21 cm Brightness Temperature During the Epoch of Reionization}",
      journal = {\apj},
     keywords = {early universe, intergalactic medium, radio lines: general, Astrophysics},
         year = 2008,
        month = mar,
       volume = {676},
       number = {1},
        pages = {1-9},
          doi = {10.1086/528675},
archivePrefix = {arXiv},
       eprint = {0710.2541},
 primaryClass = {astro-ph},
       adsurl = {https://ui.adsabs.harvard.edu/abs/2008ApJ...676....1B},
      adsnote = {Provided by the SAO/NASA Astrophysics Data System}
}

@ARTICLE{2019ApJ...883..126N,
       author = {{Nhan}, Bang D. and {Bordenave}, David D. and {Bradley}, Richard F. and {Burns}, Jack O. and {Tauscher}, Keith and {Rapetti}, 			David and {Klima}, Patricia J.},
        title = "{Assessment of the Projection-induced Polarimetry Technique for Constraining the Foreground Spectrum in Global 21 cm 			Cosmology}",
      journal = {\apj},
     keywords = {dark ages, reionization, first stars, methods: observational, techniques: polarimetric, Astrophysics - Instrumentation and Methods for Astrophysics, Astrophysics - Cosmology and Nongalactic Astrophysics},
         year = 2019,
        month = oct,
       volume = {883},
       number = {2},
          eid = {126},
        pages = {126},
          doi = {10.3847/1538-4357/ab391b},
archivePrefix = {arXiv},
       eprint = {1811.04917},
 primaryClass = {astro-ph.IM},
       adsurl = {https://ui.adsabs.harvard.edu/abs/2019ApJ...883..126N},
      adsnote = {Provided by the SAO/NASA Astrophysics Data System}
}

@inproceedings{inproceedings,
	author = {Monsalve, Raúl and Bustos, Ricardo and Chiang, H and Sievers, Jonathan and Thyagarajan, Nithyanandan and Mena, Patricio and 		Díaz, Mauricio and Bye, Christian and Restrepo, Oscar and Pessoa, Matheus},
	title = {MIST: A New Radio Experiment To Detect the First Stars in the Universe}
	year = {2020},
	month = {07},
	pages = {},
}

@INPROCEEDINGS{8879199,  
	author={E. {de Lera Acedo}},  
	booktitle={2019 International Conference on Electromagnetics in Advanced Applications (ICEAA)},   
	title={REACH: Radio Experiment for the Analysis of Cosmic Hydrogen},   
	year={2019},  
	volume={},  
	number={},  
	pages={0626-0629},  
	doi={10.1109/ICEAA.2019.8879199}
}

@ARTICLE{2013ExA....36..319P,
       author = {{Patra}, Nipanjana and {Subrahmanyan}, Ravi and {Raghunathan}, A. and {Udaya Shankar}, N.},
        title = "{SARAS: a precision system for measurement of the cosmic radio background and signatures from the epoch of reionization}",
      journal = {Experimental Astronomy},
     keywords = {Astronomical instrumentation, Methods and techniques, Methods: observational, Cosmic background radiation, Cosmology: observations, Dark ages, Reionization, First stars, Radio continuum: ISM, Astrophysics - Instrumentation and Methods for Astrophysics, Astrophysics - Cosmology and Nongalactic Astrophysics},
         year = 2013,
        month = aug,
       volume = {36},
       number = {1-2},
        pages = {319-370},
          doi = {10.1007/s10686-013-9336-3},
archivePrefix = {arXiv},
       eprint = {1211.3800},
 primaryClass = {astro-ph.IM},
       adsurl = {https://ui.adsabs.harvard.edu/abs/2013ExA....36..319P},
      adsnote = {Provided by the SAO/NASA Astrophysics Data System}
}

@ARTICLE{2018Natur.555...67B,
       author = {{Bowman}, Judd D. and {Rogers}, Alan E.~E. and {Monsalve}, Raul A. and {Mozdzen}, Thomas J. and {Mahesh}, Nivedita},
        title = "{An absorption profile centred at 78 megahertz in the sky-averaged spectrum}",
      journal = {\nat},
     keywords = {Astrophysics - Cosmology and Nongalactic Astrophysics, Astrophysics - Instrumentation and Methods for Astrophysics},
         year = 2018,
        month = mar,
       volume = {555},
       number = {7694},
        pages = {67-70},
          doi = {10.1038/nature25792},
archivePrefix = {arXiv},
       eprint = {1810.05912},
 primaryClass = {astro-ph.CO},
       adsurl = {https://ui.adsabs.harvard.edu/abs/2018Natur.555...67B},
      adsnote = {Provided by the SAO/NASA Astrophysics Data System}
}

@ARTICLE{2018Natur.555...71B,
       author = {{Barkana}, Rennan},
        title = "{Possible interaction between baryons and dark-matter particles revealed by the first stars}",
      journal = {\nat},
     keywords = {Astrophysics - Cosmology and Nongalactic Astrophysics},
         year = 2018,
        month = mar,
       volume = {555},
       number = {7694},
        pages = {71-74},
          doi = {10.1038/nature25791},
archivePrefix = {arXiv},
       eprint = {1803.06698},
 primaryClass = {astro-ph.CO},
       adsurl = {https://ui.adsabs.harvard.edu/abs/2018Natur.555...71B},
      adsnote = {Provided by the SAO/NASA Astrophysics Data System}
}

@article{PhysRevD.98.103005,
  title = {Strong constraints on light dark matter interpretation of the EDGES signal},
  author = {Barkana, Rennan and Outmezguine, Nadav Joseph and Redigolo, Diego and Volansky, Tomer},
  journal = {Phys. Rev. D},
  volume = {98},
  issue = {10},
  pages = {103005},
  numpages = {11},
  year = {2018},
  month = {Nov},
  publisher = {American Physical Society},
  doi = {10.1103/PhysRevD.98.103005},
  url = {https://link.aps.org/doi/10.1103/PhysRevD.98.103005}
}

@misc{essay61335,
           title = {Analysis and design of an ADC for a spectrum analyzer},
          author = {P.I. {Bicker}},
            year = {2011},
           month = {September},
           url = {http://essay.utwente.nl/61335/}
}

